
@Book{HandbookSat,
title = {Handbook of Satisfiability},
author = {Armin Biere, Marijn Heule, Hans van Maaren and Toby Walsh},
year = {2009},
}

@Article{PHP,
title = {Pigeonhole Principle and Resolution},
author = {Mémanie Raemy},
year = {2004},
}

@Article{ClauseLearning,
title = {Clause Learning in SAT},
author = {Richard Tichy, Thomas Glase},
year = {2006},
}

@Article{OutilsLogiquesTreinen,
title = {Outils Logiques},
author = {Ralf Treinen},
year = {2012},
}

@misc{Dimacs,
title = {Dimacs Specification},
url = {http://www.domagoj-babic.com/uploads/ResearchProjects/Spear/dimacs-cnf.pdf},
year = {1993},
howpublished = "\url{http://www.domagoj-babic.com/uploads/ResearchProjects/Spear/dimacs-cnf.pdf}",
}

@Article{LogiqueMath,
title = {Logique mathématique : introduction},
author = {Arnaud Durand, Paul Rozière},
year = {2018},
}

@misc{NonogrammeArticle,
title = {Nonogramme Article},
url = {http://www.fil.univ-lille1.fr/~hym/e/aac/sat/},
year = {2015},
howpublished = "\url{http://www.fil.univ-lille1.fr/~hym/e/aac/sat/}",
}